% Encoding: UTF-8

%%%%%%%%%%%绪论%%%%%%%%%%
@book{cryer2011,
  title={时间序列分析及应用: R 语言},
  author={Cryer, Jonathan D and Chan, Kung-Sik and others},
  year={2011},
  publisher={北京: 机械工业出版社}
}

@article{atamuradov2017prognostics,
  title={Prognostics and health management for maintenance practitioners-Review, implementation and tools evaluation.},
  author={Atamuradov, Vepa and Medjaher, Kamal and Dersin, Pierre and Lamoureux, Benjamin and Zerhouni, Noureddine},
  journal={International Journal of Prognostics and Health Management},
  volume={8},
  number={3},
  pages={1--31},
  year={2017},
  publisher={PHM Society}
}
